<?xml version="1.0" encoding="UTF-8"?><collection xmlns="http://www.loc.gov/MARC21/slim"><record><leader>00529nam--2200193-i-4500</leader><controlfield tag="001">000019431</controlfield><controlfield tag="002">20161230</controlfield><controlfield tag="005">20170225192524</controlfield><controlfield tag="008">060222s1000------------r-----000-0-eng-d</controlfield><datafield ind1=" " ind2=" " tag="020"><subfield code="a">0471241687</subfield></datafield><datafield ind1=" " ind2=" " tag="040"><subfield code="a">IFIN-HH</subfield></datafield><datafield ind1=" " ind2=" " tag="080"><subfield code="a">539.2:548.1</subfield></datafield><datafield ind1="1" ind2=" " tag="100"><subfield code="a">Englman, R</subfield></datafield><datafield ind1="1" ind2="0" tag="245"><subfield code="a">The Jann-Teller effects in molecules and crystals</subfield><subfield code="c">R. Englman</subfield></datafield><datafield ind1=" " ind2=" " tag="260"><subfield code="a">London</subfield><subfield code="b">Wiley-Interscience</subfield><subfield code="c">1972</subfield></datafield><datafield ind1=" " ind2=" " tag="300"><subfield code="a">XX + 350 p</subfield></datafield><datafield ind1=" " ind2=" " tag="490"><subfield code="a">Wiley Monographs In Chemical Physics</subfield></datafield><datafield ind1=" " ind2=" " tag="852"><subfield code="a">36540</subfield><subfield code="c">539.2</subfield></datafield><datafield ind1=" " ind2=" " tag="CAT"><subfield code="a">SYS</subfield><subfield code="c">20170225</subfield><subfield code="h">192524</subfield></datafield></record></collection>